 @misc{ wiki:01,
   author = "Wikipedia",
   title = "Wikipedia:Red link --- Wikipedia{,} The Free Encyclopedia",
   year = "2015",
   url = "\url{https://en.wikipedia.org/w/index.php?title=Wikipedia:Red_link&oldid=691209909}",
   note = "[Online; accessed 23-November-2015]"
 }

 @misc{ wiki:02,
   author = "MediaWiki",
   title = "Analytics/Reports/Clients without JavaScript --- MediaWiki",
   year = "2015",
   url = "\url{https://www.mediawiki.org/w/index.php?title=Analytics/Reports/Clients_without_JavaScript&oldid=1526034}",
   note = "[Online; accessed 23-November-2015]"
 }

 @misc{ wiki:03,
   author = "Wikipedia",
   title = "Wikipedia:Wikimedia Labs --- Wikipedia{,} The Free Encyclopedia",
   year = "2015",
   url = "\url{https://en.wikipedia.org/w/index.php?title=Wikipedia:Wikimedia_Labs&oldid=693539763}",
   note = "[Online; accessed 27-December-2015]"
 }

 @misc{ wiki:04,
   author = "MediaWiki",
   title = "Beta Features --- MediaWiki",
   year = "2015",
   url = "\url{https://www.mediawiki.org/w/index.php?title=Beta_Features&oldid=1967117}",
   note = "[Online; accessed 27-December-2015]"
 }
